<record><leader>00000cas a2200000 a 4500</leader><controlfield tag="001">1763455</controlfield><controlfield tag="008">751101d1970197unyuer ne      0    0eng c</controlfield><datafield ind1=" " ind2=" " tag="010"><subfield code="a">sn 88027267 </subfield></datafield><datafield ind1=" " ind2=" " tag="040"><subfield code="a">MUL</subfield><subfield code="b">eng</subfield><subfield code="c">MUL</subfield><subfield code="d">NYG</subfield><subfield code="d">OCL</subfield><subfield code="d">NYG</subfield><subfield code="d">NST</subfield><subfield code="d">CNW</subfield><subfield code="d">EYM</subfield><subfield code="d">GUA</subfield><subfield code="d">NVF</subfield><subfield code="d">CVF</subfield><subfield code="d">OCL</subfield><subfield code="d">NYS</subfield><subfield code="d">WAU</subfield><subfield code="d">CRL</subfield><subfield code="d">OCLCQ</subfield><subfield code="d">CUI</subfield><subfield code="d">OCLCF</subfield><subfield code="d">OCLCO</subfield></datafield><datafield ind1=" " ind2=" " tag="012"><subfield code="i">8803</subfield></datafield><datafield ind1=" " ind2=" " tag="019"><subfield code="a">793924805</subfield></datafield><datafield ind1="1" ind2=" " tag="029"><subfield code="a">AU@</subfield><subfield code="b">000005780472</subfield></datafield><datafield ind1=" " ind2=" " tag="042"><subfield code="a">pcc</subfield></datafield><datafield ind1=" " ind2=" " tag="043"><subfield code="a">n-us-ny</subfield></datafield><datafield ind1=" " ind2="4" tag="050"><subfield code="a">HQ1236.5.U6</subfield><subfield code="b">R38</subfield></datafield><datafield ind1=" " ind2=" " tag="092"><subfield code="a">071.471</subfield><subfield code="b">fR232</subfield></datafield><datafield ind1="0" ind2=" " tag="130"><subfield code="a">Rat (New York, N.Y.)</subfield></datafield><datafield ind1="1" ind2="0" tag="245"><subfield code="a">Rat.</subfield></datafield><datafield ind1="1" ind2=" " tag="246"><subfield code="i">Issues for Sept. 11/25, Oct. 6/25, 1970, Mar. 30/Apr. 30, 1971 published as:</subfield><subfield code="a">Women's libeRATion</subfield></datafield><datafield ind1=" " ind2=" " tag="260"><subfield code="a">NYC [New York, N.Y.] :</subfield><subfield code="b">R.A.T. Publications,</subfield><subfield code="c">1970-</subfield></datafield><datafield ind1=" " ind2=" " tag="300"><subfield code="a">v.</subfield></datafield><datafield ind1=" " ind2=" " tag="310"><subfield code="a">Biweekly</subfield></datafield><datafield ind1="0" ind2=" " tag="362"><subfield code="a">Apr. 4, 1970-</subfield></datafield><datafield ind1=" " ind2=" " tag="500"><subfield code="a">"Will be suspended within the next few weeks" of issue for Aug. 2 [1971].</subfield></datafield><datafield ind1=" " ind2=" " tag="530"><subfield code="a">Available on microfilm from Bell &amp; Howell (Herstory), UMI (Underground Newspaper/Press Collection), and Primary Source Microfilm.</subfield></datafield><datafield ind1=" " ind2="0" tag="650"><subfield code="a">Women's rights</subfield><subfield code="z">United States</subfield><subfield code="v">Newspapers.</subfield></datafield><datafield ind1=" " ind2="0" tag="651"><subfield code="a">New York (N.Y.)</subfield><subfield code="v">Newspapers.</subfield></datafield><datafield ind1=" " ind2="0" tag="651"><subfield code="a">New York County (N.Y.)</subfield><subfield code="v">Newspapers.</subfield></datafield><datafield ind1=" " ind2="7" tag="655"><subfield code="a">Newspapers.</subfield><subfield code="2">fast</subfield><subfield code="0">(OCoLC)fst01423814</subfield></datafield><datafield ind1=" " ind2="7" tag="650"><subfield code="a">Women's rights.</subfield><subfield code="2">fast</subfield><subfield code="0">(OCoLC)fst01178818</subfield></datafield><datafield ind1=" " ind2="7" tag="651"><subfield code="a">New York (State)</subfield><subfield code="z">New York.</subfield><subfield code="2">fast</subfield><subfield code="0">(OCoLC)fst01204333</subfield></datafield><datafield ind1=" " ind2="7" tag="651"><subfield code="a">New York (State)</subfield><subfield code="z">New York County.</subfield><subfield code="2">fast</subfield><subfield code="0">(OCoLC)fst01234953</subfield></datafield><datafield ind1=" " ind2="7" tag="651"><subfield code="a">United States.</subfield><subfield code="2">fast</subfield><subfield code="0">(OCoLC)fst01204155</subfield></datafield><datafield ind1=" " ind2=" " tag="752"><subfield code="a">United States</subfield><subfield code="b">New York</subfield><subfield code="c">New York</subfield><subfield code="d">New York.</subfield></datafield><datafield ind1="1" ind2=" " tag="776"><subfield code="t">Rat</subfield><subfield code="w">(DLC)sf 94091880</subfield><subfield code="w">(OCoLC)6995034</subfield></datafield><datafield ind1="0" ind2="0" tag="780"><subfield code="t">Rat subterranean news</subfield><subfield code="w">(DLC)sn 94053401</subfield><subfield code="w">(OCoLC)31458617</subfield></datafield><datafield ind1=" " ind2=" " tag="850"><subfield code="a">KU-S</subfield><subfield code="a">N</subfield></datafield><datafield ind1=" " ind2=" " tag="936"><subfield code="a">Unknown</subfield><subfield code="a">no. 20</subfield></datafield></record>